@online{upGrad,
  key =          {upGrad}, 
  title =        "Benefits and Advantages of Big Data and Analytics in Business",
  url =          "https://www.upgrad.com/blog/benefits-and-advantages-of-big-data-analytics-in-business/",
  lastaccessed = "December 17, 2020",
}

@online{covid19-tweets-dataset,
	key =          {Covid19-Dataset}, 
	title =        "Tweets with the hashtag covid19",
	url =          "https://www.kaggle.com/gpreda/covid19-tweets",
	lastaccessed = "December 17, 2020",
}

@online{customer-satistaction,
	key =          {Customer-Complaints}, 
	title =        "Six Steps to Dealing with Customer Complaints",
	url =          "https://www.eonetwork.org/octane-magazine/special-features/sixstepstodealingwithcustomercomplaints",
	lastaccessed = "December 18, 2020",
}

@online{python-pandas,
	key =          {Python-Pandas}, 
	title =        "Pandas python library",
	url =          "https://pandas.pydata.org/",
	lastaccessed = "January 01, 2021",
}

@online{sentiment-analysis-dataset,
	key =          {Sentiment-Analysis-Dataset}, 
	title =        "Tweets for sentiment analysis",
	url =          "https://www.kaggle.com/kazanova/sentiment140",
	lastaccessed = "January 01, 2021",
}

@online{python-nltk,
	key =          {Python-nltk}, 
	title =        "Natural Language ToolKit python library",
	url =          "https://www.nltk.org/",
	lastaccessed = "January 01, 2021",
}

@online{twitter-stats,
	key =          {Twitter-statistics}, 
	title =        "Twitter usage statistics",
	url =          "https://www.internetlivestats.com/twitter-statistics/",
	lastaccessed = "January 01, 2021",
}